@article{Aurenche:2011rd,
      author         = "Aurenche, P. and Zakharov, B. G.",
      title          = "{Jet color chemistry and anomalous baryon production in
                        $AA$-collisions}",
      journal        = "Eur. Phys. J.",
      volume         = "C71",
      year           = "2011",
      pages          = "1829",
      doi            = "10.1140/epjc/s10052-011-1829-5",
      eprint         = "1109.6819",
      archivePrefix  = "arXiv",
      primaryClass   = "hep-ph",
      SLACcitation   = "%%CITATION = ARXIV:1109.6819;%%"
}
@article{Beraudo:2011bh,
      author         = "Beraudo, Andrea and Milhano, Jose Guilherme and
                        Wiedemann, Urs Achim",
      title          = "{Medium-induced color flow softens hadronization}",
      journal        = "Phys. Rev.",
      volume         = "C85",
      year           = "2012",
      pages          = "031901",
      doi            = "10.1103/PhysRevC.85.031901",
      eprint         = "1109.5025",
      archivePrefix  = "arXiv",
      primaryClass   = "hep-ph",
      SLACcitation   = "%%CITATION = ARXIV:1109.5025;%%"
}

@article{Beraudo:2012bq,
      author         = "Beraudo, Andrea and Milhano, Jose Guilherme and
                        Wiedemann, Urs Achim",
      title          = "{The Contribution of Medium-Modified Color Flow to Jet
                        Quenching}",
      journal        = "JHEP",
      volume         = "07",
      year           = "2012",
      pages          = "144",
      doi            = "10.1007/JHEP07(2012)144",
      eprint         = "1204.4342",
      archivePrefix  = "arXiv",
      primaryClass   = "hep-ph",
      reportNumber   = "CERN-PH-TH-2012-100",
      SLACcitation   = "%%CITATION = ARXIV:1204.4342;%%"
}

@article{Azimov:1984np,
      author         = "Azimov, Yakov I. and Dokshitzer, Yuri L. and Khoze,
                        Valery A. and Troyan, S. I.",
      title          = "{Similarity of Parton and Hadron Spectra in QCD Jets}",
      journal        = "Z. Phys.",
      volume         = "C27",
      year           = "1985",
      pages          = "65-72",
      doi            = "10.1007/BF01642482",
      reportNumber   = "LENINGRAD-84-942",
      SLACcitation   = "%%CITATION = ZEPYA,C27,65;%%"
}
@article{cdfpaper,
      author         = "Aaltonen, T. and others",
      title          = "{Measurement of the $k_T$ Distribution of Particles in
                        Jets Produced in $p\bar{p}$ Collisions at
                        $\sqrt{s}=1.96$-TeV}",
      collaboration  = "CDF",
      journal        = "Phys. Rev. Lett.",
      volume         = "102",
      year           = "2009",
      pages          = "232002",
      doi            = "10.1103/PhysRevLett.102.232002",
      eprint         = "0811.2820",
      archivePrefix  = "arXiv",
      primaryClass   = "hep-ex",
      reportNumber   = "FERMILAB-PUB-08-525-E",
      SLACcitation   = "%%CITATION = ARXIV:0811.2820;%%"
}


@article{Agostinelli:2002hh,
      author         = "Agostinelli, S. and others",
      title          = "{GEANT4: A Simulation toolkit}",
      collaboration  = "GEANT4",
      journal        = "Nucl. Instrum. Meth.",
      volume         = "A506",
      year           = "2003",
      pages          = "250-303",
      doi            = "10.1016/S0168-9002(03)01368-8",
      reportNumber   = "SLAC-PUB-9350, FERMILAB-PUB-03-339",
      SLACcitation   = "%%CITATION = NUIMA,A506,250;%%"
}



@article{Asai:2015xno,
      author         = "Asai, Makoto and Dotti, Andrea and Verderi, Marc and
                        Wright, Dennis H.",
      title          = "{Recent developments in Geant4}",
      booktitle      = "{Proceedings, Joint International Conference on
                        Supercomputing in Nuclear Applications + Monte Carlo (SNA
                        + MC 2013): Paris, France, October 27-31, 2013}",
      collaboration  = "Geant4",
      journal        = "Annals Nucl. Energy",
      volume         = "82",
      year           = "2015",
      pages          = "19-28",
      doi            = "10.1016/j.anucene.2014.08.021",
      SLACcitation   = "%%CITATION = ANEND,82,19;%%"
}

@misc{ALICEjt,
  url = "https://alice-publications.web.cern.ch/node/3655",
  howpublished ={\url{https://alice-publications.web.cern.ch/node/3655}},
  year = 2018
}

@article{Gieseke:2003rz,
  author         = "Gieseke, Stefan and Stephens, P. and Webber, Bryan",
  title          = "{New formalism for QCD parton showers}",
  journal        = "JHEP",
  volume         = "12",
  year           = "2003",
  pages          = "045",
  doi            = "10.1088/1126-6708/2003/12/045",
  eprint         = "hep-ph/0310083",
  archivePrefix  = "arXiv",
  primaryClass   = "hep-ph",
  reportNumber   = "CAVENDISH-HEP-03-18, CERN-TH-2003-239",
  SLACcitation   = "%%CITATION = HEP-PH/0310083;%%"
}

@article{Dasgupta:2007wa,
      author         = "Dasgupta, Mrinal and Magnea, Lorenzo and Salam, Gavin P.",
      title          = "{Non-perturbative QCD effects in jets at hadron
                        colliders}",
      journal        = "JHEP",
      volume         = "02",
      year           = "2008",
      pages          = "055",
      doi            = "10.1088/1126-6708/2008/02/055",
      eprint         = "0712.3014",
      archivePrefix  = "arXiv",
      primaryClass   = "hep-ph",
      reportNumber   = "DFTT-27-2007, MAN-HEP-2007-41",
      SLACcitation   = "%%CITATION = ARXIV:0712.3014;%%"
}

@article{nmlla,
  author = {PÃ©rez-Ramos, Redamy and Arleo, Francois and Machet, Bruno},
  year = {2008},
  month = {07},
  pages = {014019-014019},
  title = {Next-to-modified leading logarithmic approximation corrections to single inclusive $k_T$ distributions and two-particle correlations in a jet},
  volume = {78},
  journal = {Physical Review D - PHYS REV D},
  doi = {10.1103/PHYSREVD.78.014019}
}

@article{antikt,
  author         = "Cacciari, Matteo and Salam, Gavin P. and Soyez, Gregory",
  title          = "{The anti-$k_t$ jet clustering algorithm}",
  journal        = "JHEP",
  volume         = "04",
  year           = "2008",
  pages          = "063",
  doi            = "10.1088/1126-6708/2008/04/063",
  eprint         = "0802.1189",
  archivePrefix  = "arXiv",
  primaryClass   = "hep-ph",
  reportNumber   = "LPTHE-07-03",
  SLACcitation   = "%%CITATION = ARXIV:0802.1189;%%"
}

@article{fastjet,
  author         = "Cacciari, Matteo and Salam, Gavin P. and Soyez, Gregory",
  title          = "{FastJet User Manual}",
  journal        = "Eur. Phys. J.",
  volume         = "C72",
  year           = "2012",
  pages          = "1896",
  doi            = "10.1140/epjc/s10052-012-1896-2",
  eprint         = "1111.6097",
  archivePrefix  = "arXiv",
  primaryClass   = "hep-ph",
  reportNumber   = "CERN-PH-TH-2011-297",
  SLACcitation   = "%%CITATION = ARXIV:1111.6097;%%"
}

@article{PHOS,
  author         = "Dellacasa, G. and others",
  title          = "{ALICE technical design report of the photon spectrometer
    (PHOS)}",
collaboration  = "ALICE",
year           = "1999",
reportNumber   = "CERN-LHCC-99-04",
SLACcitation   = "%%CITATION = CERN-LHCC-99-04;%%"
}

@techreport{DCAL,
  author        = "Allen, J and Bernard, C and Bourrion, O and Chala, M and
    Del Franio, M and Driga, O and Fichera, F and Giudice, N
    and Grimaldi, A and Laloux, P and Li, Q and Librizzi, F and
    Liu, G and Loizides, C and Marcotte, G and Muggeo, S and
    Muraz, J F and Noto, F and Orlandi, A and Petrov, V and
    Pompei, F and Qian, W and Rasson, J and Sakai, S and
    Salemi, M and Sharma, M and Sparti, V and Stutzmann, J S
    and Timmons, A and Viticchie, A and Wang, M and Xiang, X
    and Zhang, F and Zhou, J and Zhu, X",
  title         = "{ALICE DCal: An Addendum to the EMCal Technical Design
    Report Di-Jet and Hadron-Jet correlation measurements in
    ALICE}",
number        = "CERN-LHCC-2010-011. ALICE-TDR-14-add-1",
month         = "Jun",
year          = "2010",
reportNumber  = "CERN-LHCC-2010-011",
url           = "https://cds.cern.ch/record/1272952",
}

@article{Cortese:2008zza,
  author         = "Cortese, P. and others",
  title          = "{ALICE electromagnetic calorimeter technical design
    report}",
collaboration  = "ALICE",
year           = "2008",
reportNumber   = "CERN-LHCC-2008-014, CERN-ALICE-TDR-014",
SLACcitation   = "%%CITATION = CERN-LHCC-2008-014;%%"
}

@book{basicsofpqcd,
  Address = {Gif-sur-Yvette, France},
  Author = {Dokshitzer, Yuri L. and Khoze, Valery A. and M{\"u}ller, Alfred H. and Troian, S. I.},
  Editor = {Tran Thanh Van, J.},
  Owner = {jviinika},
  Pages = {274},
  Publisher = {Editions Fronti{\`e}res},
  Title = {{Basics of Perturbative QCD}},
  Year = {1991}}

  @article{lundString,
    Author = {Andersson, Bo and Gustafson, G. and Ingelman, G. and Sj{\"o}strand, T.},
    Doi = {10.1016/0370-1573(83)90080-7},
    Journal = {Phys.Rept.},
    Owner = {jviinika},
    Pages = {31--145},
    Reportnumber = {LU-TP-83-10},
    Slaccitation = {%%CITATION = PRPLC,97,31;%%},
    Title = {{Parton Fragmentation and String Dynamics}},
    Volume = {97},
    Year = {1983},
    Bdsk-Url-1 = {http://dx.doi.org/10.1016/0370-1573(83)90080-7}}

    @article{firstjtmeasurement,
      Author = {Angelis, A.L.S. and others},
      Collaboration = {CCOR},
      Doi = {10.1016/0370-2693(80)90572-9},
      Journal = {Phys. Lett.},
      Owner = {jviinika},
      Pages = {163-168},
      Reportnumber = {CERN-EP/80-176, DOE/EY/2232A-95},
      Slaccitation = {%%CITATION = PHLTA,B97,163;%%},
      Title = "{A Measurement of the Transverse Momenta of Partons, and of Jet Fragmentation as a Function of $\sqrt{s}$ in $p p$ Collisions}",
      Volume = {B97},
      Year = {1980},
      Bdsk-Url-1 = {http://dx.doi.org/10.1016/0370-2693(80)90572-9}}

      @article{atlaksenJetit,
        author         = "Angerami, Aaron",
        title          = "{Measurement of Jets and Jet Suppression in
          $\sqrt{s_{NN}}=2.76$ TeV Lead-Lead Collisions with the
          ATLAS detector at the LHC}",
        booktitle      = "{Quark matter. Proceedings, 22nd International Conference
          on Ultra-Relativistic Nucleus-Nucleus Collisions, Quark
          Matter 2011, Annecy, France, May 23-28, 2011}",
        collaboration  = "ATLAS",
        journal        = "J. Phys.",
        volume         = "G38",
        year           = "2011",
        pages          = "124085",
        doi            = "10.1088/0954-3899/38/12/124085",
        eprint         = "1108.5191",
        archivePrefix  = "arXiv",
        primaryClass   = "nucl-ex",
        SLACcitation   = "%%CITATION = ARXIV:1108.5191;%%"
      }

@article{PHENIXJets,
  author         = "Adler, S. S. and others",
  title          = "{Jet properties from dihadron correlations in p+p
    collisions at $\sqrt{s} =$ 200~GeV}",
collaboration  = "PHENIX",
journal        = "Phys. Rev.",
volume         = "D74",
year           = "2006",
pages          = "072002",
doi            = "10.1103/PhysRevD.74.072002",
eprint         = "hep-ex/0605039",
archivePrefix  = "arXiv",
primaryClass   = "hep-ex",
SLACcitation   = "%%CITATION = HEP-EX/0605039;%%"
}

@article{ALICE:2011ac,
  author         = "Abelev, Betty and others",
  title          = "{Underlying Event measurements in $pp$ collisions at
    $\sqrt{s}=0.9$ and 7 TeV with the ALICE experiment at the
    LHC}",
collaboration  = "ALICE",
journal        = "JHEP",
volume         = "07",
year           = "2012",
pages          = "116",
doi            = "10.1007/JHEP07(2012)116",
eprint         = "1112.2082",
archivePrefix  = "arXiv",
primaryClass   = "hep-ex",
reportNumber   = "CERN-PH-EP-2011-204",
SLACcitation   = "%%CITATION = ARXIV:1112.2082;%%"
}

@article{aliceDetector,
  author         = "Aamodt, K. and others",
  title          = "{The ALICE experiment at the CERN LHC}",
  collaboration  = "ALICE",
  journal        = "JINST",
  volume         = "3",
  year           = "2008",
  pages          = "S08002",
  doi            = "10.1088/1748-0221/3/08/S08002",
  SLACcitation   = "%%CITATION = JINST,3,S08002;%%"
}

@article{cnmSpeculation,
  author         = "Krzywicki, A. and Engels, J. and Petersson, B. and
    Sukhatme, U.",
  title          = "{Does a Nucleus Act Like a Gluon Filter?}",
  journal        = "Phys. Lett.",
  volume         = "85B",
  year           = "1979",
  pages          = "407-412",
  doi            = "10.1016/0370-2693(79)91284-X",
  reportNumber   = "BI-TP 79/14",
  SLACcitation   = "%%CITATION = PHLTA,85B,407;%%"
}

@article{cnmEffect,
  author         = "Accardi, Alberto",
  title          = "{Final state interactions and hadron quenching in cold
    nuclear matter}",
journal        = "Phys. Rev.",
volume         = "C76",
year           = "2007",
pages          = "034902",
doi            = "10.1103/PhysRevC.76.034902",
eprint         = "0706.3227",
archivePrefix  = "arXiv",
primaryClass   = "nucl-th",
SLACcitation   = "%%CITATION = ARXIV:0706.3227;%%"
}

@article{alicePerformance,
  author         = "Abelev, Betty Bezverkhny and others",
  title          = "{Performance of the ALICE Experiment at the CERN LHC}",
  collaboration  = "ALICE",
  journal        = "Int. J. Mod. Phys.",
  volume         = "A29",
  year           = "2014",
  pages          = "1430044",
  doi            = "10.1142/S0217751X14300440",
  eprint         = "1402.4476",
  archivePrefix  = "arXiv",
  primaryClass   = "nucl-ex",
  reportNumber   = "CERN-PH-EP-2014-031",
  SLACcitation   = "%%CITATION = ARXIV:1402.4476;%%"
}

@article{aliceITS,
  author         = "Aamodt, K and others",
  title          = "{Alignment of the ALICE Inner Tracking System with
    cosmic-ray tracks}",
collaboration  = "ALICE",
journal        = "JINST",
volume         = "5",
year           = "2010",
pages          = "P03003",
doi            = "10.1088/1748-0221/5/03/P03003",
eprint         = "1001.0502",
archivePrefix  = "arXiv",
primaryClass   = "physics.ins-det",
SLACcitation   = "%%CITATION = ARXIV:1001.0502;%%"
}

@article{aliceTPC,
  author         = "Alme, J. and others",
  title          = "{The ALICE TPC, a large 3-dimensional tracking device
    with fast readout for ultra-high multiplicity events}",
journal        = "Nucl. Instrum. Meth.",
volume         = "A622",
year           = "2010",
pages          = "316-367",
doi            = "10.1016/j.nima.2010.04.042",
eprint         = "1001.1950",
archivePrefix  = "arXiv",
primaryClass   = "physics.ins-det",
SLACcitation   = "%%CITATION = ARXIV:1001.1950;%%"
}

@manual{forwarddetectorsTdr,
  Month = "September",
  Organization = "ALICE Collaboration",
  Title = "{Technical Design Report on Forward Detectors: FMD, T0 and V0}",
  Year = "2004"}

  @article{Abelev:2013fn,
    author         = "Abelev, B. and others",
    title          = "{Measurement of the inclusive differential jet cross
      section in $pp$ collisions at $\sqrt{s} = 2.76$ TeV}",
  collaboration  = "ALICE",
  journal        = "Phys. Lett.",
  volume         = "B722",
  year           = "2013",
  pages          = "262-272",
  doi            = "10.1016/j.physletb.2013.04.026",
  eprint         = "1301.3475",
  archivePrefix  = "arXiv",
  primaryClass   = "nucl-ex",
  reportNumber   = "CERN-PH-EP-2012-301",
  SLACcitation   = "%%CITATION = ARXIV:1301.3475;%%"
  }

@article{newPythiaShower,
  author         = "SjÃ¶strand, T. and Skands, Peter Z.",
  title          = "{Transverse-momentum-ordered showers and interleaved
    multiple interactions}",
journal        = "Eur. Phys. J.",
volume         = "C39",
year           = "2005",
pages          = "129-154",
doi            = "10.1140/epjc/s2004-02084-y",
eprint         = "hep-ph/0408302",
archivePrefix  = "arXiv",
primaryClass   = "hep-ph",
reportNumber   = "LU-TP-04-29",
SLACcitation   = "%%CITATION = HEP-PH/0408302;%%"
}

@article{herwigManual,
  author         = "Bahr, M. and others",
  title          = "{Herwig++ Physics and Manual}",
  journal        = "Eur. Phys. J.",
  volume         = "C58",
  year           = "2008",
  pages          = "639-707",
  doi            = "10.1140/epjc/s10052-008-0798-9",
  eprint         = "0803.0883",
  archivePrefix  = "arXiv",
  primaryClass   = "hep-ph",
  reportNumber   = "CERN-PH-TH-2008-038, CAVENDISH-HEP-08-03, KA-TP-05-2008,
  DCPT-08-22, IPPP-08-11, CP3-08-05",
  SLACcitation   = "%%CITATION = ARXIV:0803.0883;%%"
}

@article{herwig7releaseNote,
  author         = "Bellm, Johannes and others",
  title          = "{Herwig 7.0/Herwig++ 3.0 release note}",
  journal        = "Eur. Phys. J.",
  volume         = "C76",
  year           = "2016",
  number         = "4",
  pages          = "196",
  doi            = "10.1140/epjc/s10052-016-4018-8",
  eprint         = "1512.01178",
  archivePrefix  = "arXiv",
  primaryClass   = "hep-ph",
  reportNumber   = "CERN-PH-TH-2015-289, MAN-HEP-2015-15, IFJPAN-IV-2015-13,
  HERWIG-2015-01, KA-TP-18-2015, DCPT-15-142, MCNET-15-28,
  IPPP-15-71, --HERWIG-2015-01",
  SLACcitation   = "%%CITATION = ARXIV:1512.01178;%%"
}

@article{hybridExplanation,
  author         = "Abelev, Betty and others",
  title          = "{Long-range angular correlations on the near and away
    side in $p$-Pb collisions at $\sqrt{s_{NN}}=5.02$ TeV}",
collaboration  = "ALICE",
journal        = "Phys. Lett.",
volume         = "B719",
year           = "2013",
pages          = "29-41",
doi            = "10.1016/j.physletb.2013.01.012",
eprint         = "1212.2001",
archivePrefix  = "arXiv",
primaryClass   = "nucl-ex",
reportNumber   = "CERN-PH-EP-2012-359",
SLACcitation   = "%%CITATION = ARXIV:1212.2001;%%"
}

@article{introPythia81,
  author         = "SjÃ¶strand, TorbjÃ¶rn and Mrenna, Stephen and Skands, Peter
    Z.",
  title          = "{A Brief Introduction to PYTHIA 8.1}",
  journal        = "Comput. Phys. Commun.",
  volume         = "178",
  year           = "2008",
  pages          = "852-867",
  doi            = "10.1016/j.cpc.2008.01.036",
  eprint         = "0710.3820",
  archivePrefix  = "arXiv",
  primaryClass   = "hep-ph",
  reportNumber   = "CERN-LCGAPP-2007-04, LU-TP-07-28,
  FERMILAB-PUB-07-512-CD-T",
  SLACcitation   = "%%CITATION = ARXIV:0710.3820;%%"
}

@article{introPythia82,
  author         = "SjÃ¶strand, TorbjÃ¶rn and Ask, Stefan and Christiansen,
  Jesper R. and Corke, Richard and Desai, Nishita and Ilten,
  Philip and Mrenna, Stephen and Prestel, Stefan and
    Rasmussen, Christine O. and Skands, Peter Z.",
  title          = "{An Introduction to PYTHIA 8.2}",
  journal        = "Comput. Phys. Commun.",
  volume         = "191",
  year           = "2015",
  pages          = "159-177",
  doi            = "10.1016/j.cpc.2015.01.024",
  eprint         = "1410.3012",
  archivePrefix  = "arXiv",
  primaryClass   = "hep-ph",
  reportNumber   = "LU-TP-14-36, MCNET-14-22, CERN-PH-TH-2014-190,
  FERMILAB-PUB-14-316-CD, DESY-14-178, SLAC-PUB-16122",
  SLACcitation   = "%%CITATION = ARXIV:1410.3012;%%"
}

@article{atlasQuarkGluonJet,
  author         = "Aad, Georges and others",
  title          = "{Light-quark and gluon jet discrimination in $pp$
    collisions at $\sqrt{s}=7\mathrm {\ TeV}$ with the ATLAS
    detector}",
collaboration  = "ATLAS",
journal        = "Eur. Phys. J.",
volume         = "C74",
year           = "2014",
number         = "8",
pages          = "3023",
doi            = "10.1140/epjc/s10052-014-3023-z",
eprint         = "1405.6583",
archivePrefix  = "arXiv",
primaryClass   = "hep-ex",
reportNumber   = "CERN-PH-EP-2014-058",
SLACcitation   = "%%CITATION = ARXIV:1405.6583;%%"
}

@article{thorstenBiasProceedings,
  author         = "Renk, Thorsten",
  title          = "{Jet correlations â opportunities and pitfalls}",
  booktitle      = "{Proceedings, 6th International Conference on Hard and
    Electromagnetic Probes of High-Energy Nuclear Collisions
    (Hard Probes 2013): Cape Town, South Africa, November 4-8,
    2013}",
journal        = "Nucl. Phys.",
volume         = "A932",
year           = "2014",
pages          = "334-341",
doi            = "10.1016/j.nuclphysa.2014.09.066",
eprint         = "1404.0793",
archivePrefix  = "arXiv",
primaryClass   = "hep-ph",
SLACcitation   = "%%CITATION = ARXIV:1404.0793;%%"
}

@article{Renk:2011wp,
  author         = "Renk, Thorsten and Eskola, Kari J.",
  title          = "{Hard dihadron correlations in heavy-ion collisions at
    RHIC and LHC}",
journal        = "Phys. Rev.",
volume         = "C84",
year           = "2011",
pages          = "054913",
doi            = "10.1103/PhysRevC.84.054913",
eprint         = "1106.1740",
archivePrefix  = "arXiv",
primaryClass   = "hep-ph",
SLACcitation   = "%%CITATION = ARXIV:1106.1740;%%"
}

@article{eventGenerators,
  author         = "Buckley, Andy and others",
  title          = "{General-purpose event generators for LHC physics}",
  journal        = "Phys. Rept.",
  volume         = "504",
  year           = "2011",
  pages          = "145-233",
  doi            = "10.1016/j.physrep.2011.03.005",
  eprint         = "1101.2599",
  archivePrefix  = "arXiv",
  primaryClass   = "hep-ph",
  reportNumber   = "CAVENDISH-HEP-10-21, CERN-PH-TH-2010-298, DCPT-10-202,
  HD-THEP-10-24, IPPP-10-101, KA-TP-40-2010, LU-TP-10-28,
  MAN-HEP-2010-23, MCNET-11-01, SLAC-PUB-14333,
  --HD-THEP-10-24, --MCNET-11-01",
  SLACcitation   = "%%CITATION = ARXIV:1101.2599;%%"
}

@article{jetBroadeningPpb1,
  author         = "Baier, R. and Dokshitzer, Yuri L. and Mueller, Alfred H.
    and Peigne, S. and Schiff, D.",
  title          = "{Radiative energy loss and p(T) broadening of high-energy
    partons in nuclei}",
journal        = "Nucl. Phys.",
volume         = "B484",
year           = "1997",
pages          = "265-282",
doi            = "10.1016/S0550-3213(96)00581-0",
eprint         = "hep-ph/9608322",
archivePrefix  = "arXiv",
primaryClass   = "hep-ph",
reportNumber   = "CU-TP-760, BI-TP-96-26, LPTHE-ORSAY-96-61",
SLACcitation   = "%%CITATION = HEP-PH/9608322;%%"
}
@article{aliceBackgroundFluctuation,
  author         = "Abelev, Betty and others",
  title          = "{Measurement of Event Background Fluctuations for Charged
    Particle Jet Reconstruction in Pb-Pb collisions at
    $\sqrt{s_{NN}} = 2.76$ TeV}",
collaboration  = "ALICE",
journal        = "JHEP",
volume         = "03",
year           = "2012",
pages          = "053",
doi            = "10.1007/JHEP03(2012)053",
eprint         = "1201.2423",
archivePrefix  = "arXiv",
primaryClass   = "hep-ex",
reportNumber   = "CERN-PH-EP-2012-002",
SLACcitation   = "%%CITATION = ARXIV:1201.2423;%%"
}

@article{jetBroadeningAA,
  author         = "Salgado, Carlos A. and Wiedemann, Urs Achim",
  title          = "{Medium modification of jet shapes and jet
    multiplicities}",
journal        = "Phys. Rev. Lett.",
volume         = "93",
year           = "2004",
pages          = "042301",
doi            = "10.1103/PhysRevLett.93.042301",
eprint         = "hep-ph/0310079",
archivePrefix  = "arXiv",
primaryClass   = "hep-ph",
reportNumber   = "CERN-TH-2003-244",
SLACcitation   = "%%CITATION = HEP-PH/0310079;%%"
}

@article{antiangularOrdering,
  author         = "Mehtar-Tani, Yacine and Salgado, Carlos A. and Tywoniuk,
  Konrad",
  title          = "{Anti-angular ordering of gluon radiation in QCD media}",
  journal        = "Phys. Rev. Lett.",
  volume         = "106",
  year           = "2011",
  pages          = "122002",
  doi            = "10.1103/PhysRevLett.106.122002",
  eprint         = "1009.2965",
  archivePrefix  = "arXiv",
  primaryClass   = "hep-ph",
  SLACcitation   = "%%CITATION = ARXIV:1009.2965;%%"
}

@article{jetShapeQGP,
  author         = "Chien, Yang-Ting and Vitev, Ivan",
  title          = "{Towards the understanding of jet shapes and cross
    sections in heavy ion collisions using soft-collinear
    effective theory}",
journal        = "JHEP",
volume         = "05",
year           = "2016",
pages          = "023",
doi            = "10.1007/JHEP05(2016)023",
eprint         = "1509.07257",
archivePrefix  = "arXiv",
primaryClass   = "hep-ph",
SLACcitation   = "%%CITATION = ARXIV:1509.07257;%%"
}

@article{phenixJtPAu,
  author         = "Adler, S. S. and others",
  title          = "{Jet structure from dihadron correlations in d+Au
    collisions at s(NN)**(1/2) = 200-GeV}",
collaboration  = "PHENIX",
journal        = "Phys. Rev.",
volume         = "C73",
year           = "2006",
pages          = "054903",
doi            = "10.1103/PhysRevC.73.054903",
eprint         = "nucl-ex/0510021",
archivePrefix  = "arXiv",
primaryClass   = "nucl-ex",
SLACcitation   = "%%CITATION = NUCL-EX/0510021;%%"
}

@article{pythiaMonashTune,
  author         = "Skands, Peter and Carrazza, Stefano and Rojo, Juan",
  title          = "{Tuning PYTHIA 8.1: the Monash 2013 Tune}",
  journal        = "Eur. Phys. J.",
  volume         = "C74",
  year           = "2014",
  number         = "8",
  pages          = "3024",
  doi            = "10.1140/epjc/s10052-014-3024-y",
  eprint         = "1404.5630",
  archivePrefix  = "arXiv",
  primaryClass   = "hep-ph",
  reportNumber   = "CERN-PH-TH-2014-069, MCNET-14-08, OUTP-14-05P",
  SLACcitation   = "%%CITATION = ARXIV:1404.5630;%%"
}

@article{pythia4CTune,
  author         = "Corke, Richard and Sjostrand, Torbjorn",
  title          = "{Interleaved Parton Showers and Tuning Prospects}",
  journal        = "JHEP",
  volume         = "03",
  year           = "2011",
  pages          = "032",
  doi            = "10.1007/JHEP03(2011)032",
  eprint         = "1011.1759",
  archivePrefix  = "arXiv",
  primaryClass   = "hep-ph",
  reportNumber   = "LU-TP-10-26, MCNET-10-20",
  SLACcitation   = "%%CITATION = ARXIV:1011.1759;%%"
}

@inproceedings{dpmjet,
  author         = "Roesler, Stefan and Engel, Ralph and Ranft, Johannes",
  title          = "{The Monte Carlo event generator DPMJET-III}",
  booktitle      = "{Advanced Monte Carlo for radiation physics, particle
    transport simulation and applications. Proceedings,
  Conference, MC2000, Lisbon, Portugal, October 23-26,
  2000}",
url            = "http://www-public.slac.stanford.edu/sciDoc/docMeta.aspx?slacPubNumber=SLAC-PUB-8740",
year           = "2000",
pages          = "1033-1038",
doi            = "10.1007/978-3-642-18211-2_166",
eprint         = "hep-ph/0012252",
archivePrefix  = "arXiv",
primaryClass   = "hep-ph",
reportNumber   = "SLAC-PUB-8740",
SLACcitation   = "%%CITATION = HEP-PH/0012252;%%"
}

@article{geant,
  author         = "Brun, RenÃ© and Bruyant, F. and Carminati, Federico and
    Giani, Simone and Maire, M. and McPherson, A. and Patrick,
  G. and Urban, L.",
  title          = "{GEANT Detector Description and Simulation Tool}",
  doi            = "10.17181/CERN.MUHF.DMJ1",
  year           = "1994",
  reportNumber   = "CERN-W5013, CERN-W-5013, W5013, W-5013",
  SLACcitation   = "%%CITATION = CERN-W5013;%%",
  Url           = {http://cds.cern.ch/record/1082634}
}

@article{pythiaBig,
  author         = "Sjostrand, Torbjorn and Mrenna, Stephen and Skands, Peter
    Z.",
  title          = "{PYTHIA 6.4 Physics and Manual}",
  journal        = "JHEP",
  volume         = "05",
  year           = "2006",
  pages          = "026",
  doi            = "10.1088/1126-6708/2006/05/026",
  eprint         = "hep-ph/0603175",
  archivePrefix  = "arXiv",
  primaryClass   = "hep-ph",
  reportNumber   = "FERMILAB-PUB-06-052-CD-T, LU-TP-06-13",
  SLACcitation   = "%%CITATION = HEP-PH/0603175;%%"
}

@article{introCgc,
  author         = "McLerran, Larry D. and Venugopalan, Raju",
  title          = "{Computing quark and gluon distribution functions for
    very large nuclei}",
journal        = "Phys. Rev.",
volume         = "D49",
year           = "1994",
pages          = "2233-2241",
doi            = "10.1103/PhysRevD.49.2233",
eprint         = "hep-ph/9309289",
archivePrefix  = "arXiv",
primaryClass   = "hep-ph",
reportNumber   = "TPI-MINN-93-44-T, NUC-MINN-93-24-T, HEP-UMN-TH-1220-93",
SLACcitation   = "%%CITATION = HEP-PH/9309289;%%"
}

@article{eps09,
  author         = "Eskola, K. J. and Paukkunen, H. and Salgado, C. A.",
  title          = "{EPS09: A New Generation of NLO and LO Nuclear Parton
    Distribution Functions}",
journal        = "JHEP",
volume         = "04",
year           = "2009",
pages          = "065",
doi            = "10.1088/1126-6708/2009/04/065",
eprint         = "0902.4154",
archivePrefix  = "arXiv",
primaryClass   = "hep-ph",
SLACcitation   = "%%CITATION = ARXIV:0902.4154;%%"
}

@article{protonNucleusOpportunities,
  author         = "Salgado, C. A. and others",
  title          = "{Proton-Nucleus Collisions at the LHC: Scientific
    Opportunities and Requirements}",
journal        = "J. Phys.",
volume         = "G39",
year           = "2012",
pages          = "015010",
doi            = "10.1088/0954-3899/39/1/015010",
eprint         = "1105.3919",
archivePrefix  = "arXiv",
primaryClass   = "hep-ph",
reportNumber   = "CERN-PH-TH-2011-119, LHC-PROJECT-REPORT-1181,
FERMILAB-PUB-11-841-T",
SLACcitation   = "%%CITATION = ARXIV:1105.3919;%%"
}

@article{spectrumReferencepPb,
  author         = "Abelev, Betty Bezverkhny and others",
  title          = "{Transverse momentum dependence of inclusive primary
    charged-particle production in p-Pb collisions at
    $\sqrt{s_\mathrm{{NN}}}=5.02~\text {TeV}$}",
collaboration  = "ALICE",
journal        = "Eur. Phys. J.",
volume         = "C74",
year           = "2014",
number         = "9",
pages          = "3054",
doi            = "10.1140/epjc/s10052-014-3054-5",
eprint         = "1405.2737",
archivePrefix  = "arXiv",
primaryClass   = "nucl-ex",
reportNumber   = "CERN-PH-EP-2014-088",
SLACcitation   = "%%CITATION = ARXIV:1405.2737;%%"
}

@article{spectrumReferencePp,
  author         = "Abelev, Betty Bezverkhny and others",
  title          = "{Energy Dependence of the Transverse Momentum
    Distributions of Charged Particles in pp Collisions
    Measured by ALICE}",
collaboration  = "ALICE",
journal        = "Eur. Phys. J.",
volume         = "C73",
year           = "2013",
number         = "12",
pages          = "2662",
doi            = "10.1140/epjc/s10052-013-2662-9",
eprint         = "1307.1093",
archivePrefix  = "arXiv",
primaryClass   = "nucl-ex",
reportNumber   = "CERN-PH-EP-2013-109",
SLACcitation   = "%%CITATION = ARXIV:1307.1093;%%"
}
@article{gross1973ultraviolet,
  title={Ultraviolet behavior of non-abelian gauge theories},
  author={Gross, David J and Wilczek, Frank},
  journal={Physical Review Letters},
  volume={30},
  number={26},
  pages={1343--1346},
  year={1973}
}

@article{politzer1973reliable,
  title={Reliable perturbative results for strong interactions?},
  author={Politzer, H David},
  journal={Physical Review Letters},
  volume={30},
  number={26},
  pages={1346--1349},
  year={1973}
}

@article{gross1973asymptotically,
  title={Asymptotically free gauge theories. I},
  author={Gross, David J and Wilczek, Frank},
  journal={Physical Review D},
  volume={8},
  number={10},
  pages={3633},
  year={1973},
  publisher={APS}
}

@article{gross1974asymptotically,
  title={Asymptotically free gauge theories. II},
  author={Gross, David J and Wilczek, Frank},
  journal={Physical Review D},
  volume={9},
  number={4},
  pages={980},
  year={1974},
  publisher={APS}
}

@article{georgi1974electroproduction,
  title={Electroproduction scaling in an asymptotically free theory of strong interactions},
  author={Georgi, Howard and Politzer, H David},
  journal={Physical Review D},
  volume={9},
  number={2},
  pages={416},
  year={1974},
  publisher={APS}
}



@article{Kurkela:2014tla,
      author         = "Kurkela, Aleksi and Wiedemann, Urs Achim",
      title          = "{Picturing perturbative parton cascades in QCD matter}",
      journal        = "Phys. Lett.",
      volume         = "B740",
      year           = "2015",
      pages          = "172-178",
      doi            = "10.1016/j.physletb.2014.11.054",
      eprint         = "1407.0293",
      archivePrefix  = "arXiv",
      primaryClass   = "hep-ph",
      reportNumber   = "CERN-PH-TH-2014-121",
      SLACcitation   = "%%CITATION = ARXIV:1407.0293;%%"
}

@inproceedings{Tachibana:2018yae,
      author         = "Tachibana, Y. and others",
      title          = "{Jet substructure modification in a QGP from a
                        multi-scale description of jet evolution with JETSCAPE}",
      collaboration  = "JETSCAPE",
      year           = "2018",
      eprint         = "1812.06366",
      archivePrefix  = "arXiv",
      primaryClass   = "nucl-th",
      SLACcitation   = "%%CITATION = ARXIV:1812.06366;%%"
}

@article{Zhang:2013oca,
      author         = "Zhang, Xilin and Liao, Jinfeng",
      title          = "{Jet Quenching and Its Azimuthal Anisotropy in AA and
                        possibly High Multiplicity pA and dA Collisions}",
      year           = "2013",
      eprint         = "1311.5463",
      archivePrefix  = "arXiv",
      primaryClass   = "nucl-th",
      SLACcitation   = "%%CITATION = ARXIV:1311.5463;%%"
}
@article{Park:2016jap,
      author         = "Park, Chanwook and Shen, Chun and Jeon, Sangyong and
                        Gale, Charles",
      title          = "{Rapidity-dependent jet energy loss in small systems with
                        finite-size effects and running coupling}",
      booktitle      = "{Proceedings, 8th International Conference on Hard and
                        Electromagnetic Probes of High-energy Nuclear Collisions:
                        Hard Probes 2016 (HP2016): Wuhan, Hubei, China, September
                        23-27, 2016}",
      journal        = "Nucl. Part. Phys. Proc.",
      volume         = "289-290",
      year           = "2017",
      pages          = "289-292",
      doi            = "10.1016/j.nuclphysbps.2017.05.066",
      eprint         = "1612.06754",
      archivePrefix  = "arXiv",
      primaryClass   = "nucl-th",
      SLACcitation   = "%%CITATION = ARXIV:1612.06754;%%"
}

@article{TYWONIUK201485,
title = "Is there jet quenching in pPb?",
journal = "Nuclear Physics A",
volume = "926",
pages = "85 - 91",
year = "2014",
note = "IS2013",
issn = "0375-9474",
doi = "https://doi.org/10.1016/j.nuclphysa.2014.04.023",
url = "http://www.sciencedirect.com/science/article/pii/S0375947414001055",
author = "Konrad Tywoniuk",
keywords = "Jet physics, Jet quenching, Heavy-ion collisions",
abstract = "Many features of pPb collisions at the LHC resemble those of full-fledged PbPb collisions. This is suggestive of the formation of a similar deconfined quarkâgluon plasma, though on a relatively smaller scale. We show that the resulting characteristic scales relevant for the quenching of high-pâ¥ probes, and jets in particular, are nevertheless small for the relevant pâ¥ range. This establishes these probes as clean observables of modifications on nuclear PDF's."
}


@article{CasalderreySolana:2012ef,
      author         = "Casalderrey-Solana, Jorge and Mehtar-Tani, Yacine and
                        Salgado, Carlos A. and Tywoniuk, Konrad",
      title          = "{New picture of jet quenching dictated by color
                        coherence}",
      journal        = "Phys. Lett.",
      volume         = "B725",
      year           = "2013",
      pages          = "357-360",
      doi            = "10.1016/j.physletb.2013.07.046",
      eprint         = "1210.7765",
      archivePrefix  = "arXiv",
      primaryClass   = "hep-ph",
      reportNumber   = "CERN-PH-TH-2012-291, LU-TP-12-37",
      SLACcitation   = "%%CITATION = ARXIV:1210.7765;%%"
}


@article{DEramo:2012uzl,
      author         = "D'Eramo, Francesco and Lekaveckas, Mindaugas and Liu,
                        Hong and Rajagopal, Krishna",
      title          = "{Momentum Broadening in Weakly Coupled Quark-Gluon Plasma
                        (with a view to finding the quasiparticles within liquid
                        quark-gluon plasma)}",
      journal        = "JHEP",
      volume         = "05",
      year           = "2013",
      pages          = "031",
      doi            = "10.1007/JHEP05(2013)031",
      eprint         = "1211.1922",
      archivePrefix  = "arXiv",
      primaryClass   = "hep-ph",
      reportNumber   = "MIT-CTP-4400, CERN-PH-TH-2012-303, UCB-PTH-12-14",
      SLACcitation   = "%%CITATION = ARXIV:1211.1922;%%"
}

@article{Ayala:2016pvm,
      author         = "Ayala, Alejandro and Dominguez, Isabel and
                        Jalilian-Marian, Jamal and Tejeda-Yeomans, Maria Elena",
      title          = "{Relating $\hat{q}$, $\eta/s$ and $\Delta E$ in an
                        expanding quark-gluon plasma}",
      journal        = "Phys. Rev.",
      volume         = "C94",
      year           = "2016",
      number         = "2",
      pages          = "024913",
      doi            = "10.1103/PhysRevC.94.024913",
      eprint         = "1603.09296",
      archivePrefix  = "arXiv",
      primaryClass   = "hep-ph",
      SLACcitation   = "%%CITATION = ARXIV:1603.09296;%%"
}

% flow in small system
@article{Abelev:2012ola,
      author         = "Abelev, Betty and others",
      title          = "{Long-range angular correlations on the near and away
                        side in $p$-Pb collisions at $\sqrt{s_{NN}}=5.02$ TeV}",
      collaboration  = "ALICE",
      journal        = "Phys. Lett.",
      volume         = "B719",
      year           = "2013",
      pages          = "29-41",
      doi            = "10.1016/j.physletb.2013.01.012",
      eprint         = "1212.2001",
      archivePrefix  = "arXiv",
      primaryClass   = "nucl-ex",
      reportNumber   = "CERN-PH-EP-2012-359",
      SLACcitation   = "%%CITATION = ARXIV:1212.2001;%%"
}

@article{Aad:2012gla,
      author         = "Aad, Georges and others",
      title          = "{Observation of Associated Near-Side and Away-Side Long-Range Correlations in $\sqrt{s_{NN}}$=5.02 TeV Proton-Lead Collisions with the ATLAS Detector}",
      collaboration  = "ATLAS",
      journal        = "Phys. Rev. Lett.",
      volume         = "110",
      year           = "2013",
      number         = "18",
      pages          = "182302",
      doi            = "10.1103/PhysRevLett.110.182302",
      eprint         = "1212.5198",
      archivePrefix  = "arXiv",
      primaryClass   = "hep-ex",
      reportNumber   = "CERN-PH-EP-2012-366",
      SLACcitation   = "%%CITATION = ARXIV:1212.5198;%%"
}

@article{Chatrchyan:2013nka,
      author         = "Chatrchyan, Serguei and others",
      title          = "{Multiplicity and Transverse Momentum Dependence of Two-
                        and Four-Particle Correlations in pPb and PbPb
                        Collisions}",
      collaboration  = "CMS",
      journal        = "Phys. Lett.",
      volume         = "B724",
      year           = "2013",
      pages          = "213-240",
      doi            = "10.1016/j.physletb.2013.06.028",
      eprint         = "1305.0609",
      archivePrefix  = "arXiv",
      primaryClass   = "nucl-ex",
      reportNumber   = "CMS-HIN-13-002, CERN-PH-EP-2013-077",
      SLACcitation   = "%%CITATION = ARXIV:1305.0609;%%"
}
@article{Khachatryan:2010gv,
      author         = "Khachatryan, Vardan and others",
      title          = "{Observation of Long-Range Near-Side Angular Correlations
                        in Proton-Proton Collisions at the LHC}",
      collaboration  = "CMS",
      journal        = "JHEP",
      volume         = "09",
      year           = "2010",
      pages          = "091",
      doi            = "10.1007/JHEP09(2010)091",
      eprint         = "1009.4122",
      archivePrefix  = "arXiv",
      primaryClass   = "hep-ex",
      reportNumber   = "CMS-QCD-10-002, CERN-PH-EP-2010-031",
      SLACcitation   = "%%CITATION = ARXIV:1009.4122;%%"
}

@article{Khachatryan:2016txc,
      author         = "Khachatryan, Vardan and others",
      title          = "{Evidence for collectivity in pp collisions at the LHC}",
      collaboration  = "CMS",
      journal        = "Phys. Lett.",
      volume         = "B765",
      year           = "2017",
      pages          = "193-220",
      doi            = "10.1016/j.physletb.2016.12.009",
      eprint         = "1606.06198",
      archivePrefix  = "arXiv",
      primaryClass   = "nucl-ex",
      reportNumber   = "CMS-HIN-16-010, CERN-EP-2016-147",
      SLACcitation   = "%%CITATION = ARXIV:1606.06198;%%"
}
@article{Aidala:2016vgl,
      author         = "Aidala, C. and others",
      title          = "{Measurement of long-range angular correlations and
                        azimuthal anisotropies in high-multiplicity $p$$+$Au
                        collisions at $\sqrt{s_{_{NN}}}=200$ GeV}",
      journal        = "Phys. Rev.",
      volume         = "C95",
      year           = "2017",
      number         = "3",
      pages          = "034910",
      doi            = "10.1103/PhysRevC.95.034910",
      eprint         = "1609.02894",
      archivePrefix  = "arXiv",
      primaryClass   = "nucl-ex",
      SLACcitation   = "%%CITATION = ARXIV:1609.02894;%%"
}

% small system jet quenching
@article{Khachatryan:2016odn,
      author         = "Khachatryan, Vardan and others",
      title          = "{Charged-particle nuclear modification factors in PbPb
                        and pPb collisions at $
                        \sqrt{s_{\mathrm{N}\;\mathrm{N}}}=5.02 $ TeV}",
      collaboration  = "CMS",
      journal        = "JHEP",
      volume         = "04",
      year           = "2017",
      pages          = "039",
      doi            = "10.1007/JHEP04(2017)039",
      eprint         = "1611.01664",
      archivePrefix  = "arXiv",
      primaryClass   = "nucl-ex",
      reportNumber   = "CMS-HIN-15-015, CERN-EP-2016-242",
      SLACcitation   = "%%CITATION = ARXIV:1611.01664;%%"
}

@article{Adam:2014qja,
      author         = "Adam, Jaroslav and others",
      title          = "{Centrality dependence of particle production in p-Pb
                        collisions at $\sqrt{s_{\rm NN} }$= 5.02 TeV}",
      collaboration  = "ALICE",
      journal        = "Phys. Rev.",
      volume         = "C91",
      year           = "2015",
      number         = "6",
      pages          = "064905",
      doi            = "10.1103/PhysRevC.91.064905",
      eprint         = "1412.6828",
      archivePrefix  = "arXiv",
      primaryClass   = "nucl-ex",
      reportNumber   = "CERN-PH-EP-2014-281",
      SLACcitation   = "%%CITATION = ARXIV:1412.6828;%%"
}

@article{Adam:2016jfp,
      author         = "Adam, Jaroslav and others",
      title          = "{Centrality dependence of charged jet production in
                        pâPb collisions at $\sqrt{s_\mathrm{NN}}$ = 5.02 TeV}",
      collaboration  = "ALICE",
      journal        = "Eur. Phys. J.",
      volume         = "C76",
      year           = "2016",
      number         = "5",
      pages          = "271",
      doi            = "10.1140/epjc/s10052-016-4107-8",
      eprint         = "1603.03402",
      archivePrefix  = "arXiv",
      primaryClass   = "nucl-ex",
      reportNumber   = "CERN-EP-2016-052, ALICE-PUBLIC-2016-001",
      SLACcitation   = "%%CITATION = ARXIV:1603.03402;%%"
}

@article{Nagle:2018nvi,
      author         = "Nagle, James L. and Zajc, William A.",
      title          = "{Small System Collectivity in Relativistic Hadronic and
                        Nuclear Collisions}",
      journal        = "Ann. Rev. Nucl. Part. Sci.",
      volume         = "68",
      year           = "2018",
      pages          = "211-235",
      doi            = "10.1146/annurev-nucl-101916-123209",
      eprint         = "1801.03477",
      archivePrefix  = "arXiv",
      primaryClass   = "nucl-ex",
      SLACcitation   = "%%CITATION = ARXIV:1801.03477;%%"
}

% jet quenching in HI spectra
@article{Adcox:2001jp,
      author         = "Adcox, K. and others",
      title          = "{Suppression of hadrons with large transverse momentum in
                        central Au+Au collisions at $\sqrt{s_{NN}}$ = 130-GeV}",
      collaboration  = "PHENIX",
      journal        = "Phys. Rev. Lett.",
      volume         = "88",
      year           = "2002",
      pages          = "022301",
      doi            = "10.1103/PhysRevLett.88.022301",
      eprint         = "nucl-ex/0109003",
      archivePrefix  = "arXiv",
      primaryClass   = "nucl-ex",
      SLACcitation   = "%%CITATION = NUCL-EX/0109003;%%"
}
@article{Adams:2003im,
      author         = "Adams, J. and others",
      title          = "{Evidence from d + Au measurements for final state
                        suppression of high p(T) hadrons in Au+Au collisions at
                        RHIC}",
      collaboration  = "STAR",
      journal        = "Phys. Rev. Lett.",
      volume         = "91",
      year           = "2003",
      pages          = "072304",
      doi            = "10.1103/PhysRevLett.91.072304",
      eprint         = "nucl-ex/0306024",
      archivePrefix  = "arXiv",
      primaryClass   = "nucl-ex",
      SLACcitation   = "%%CITATION = NUCL-EX/0306024;%%"
}
@article{Arsene:2003yk,
      author         = "Arsene, I. and others",
      title          = "{Transverse momentum spectra in Au+Au and d+Au collisions
                        at s**(1/2) = 200-GeV and the pseudorapidity dependence of
                        high p(T) suppression}",
      collaboration  = "BRAHMS",
      journal        = "Phys. Rev. Lett.",
      volume         = "91",
      year           = "2003",
      pages          = "072305",
      doi            = "10.1103/PhysRevLett.91.072305",
      eprint         = "nucl-ex/0307003",
      archivePrefix  = "arXiv",
      primaryClass   = "nucl-ex",
      SLACcitation   = "%%CITATION = NUCL-EX/0307003;%%"
}
@article{Khachatryan:2016odn,
      author         = "Khachatryan, Vardan and others",
      title          = "{Charged-particle nuclear modification factors in PbPb
                        and pPb collisions at $
                        \sqrt{s_{\mathrm{N}\;\mathrm{N}}}=5.02 $ TeV}",
      collaboration  = "CMS",
      journal        = "JHEP",
      volume         = "04",
      year           = "2017",
      pages          = "039",
      doi            = "10.1007/JHEP04(2017)039",
      eprint         = "1611.01664",
      archivePrefix  = "arXiv",
      primaryClass   = "nucl-ex",
      reportNumber   = "CMS-HIN-15-015, CERN-EP-2016-242",
      SLACcitation   = "%%CITATION = ARXIV:1611.01664;%%"
}
@article{Acharya:2018qsh,
      author         = "Acharya, S. and others",
      title          = "{Transverse momentum spectra and nuclear modification
                        factors of charged particles in pp, p-Pb and Pb-Pb
                        collisions at the LHC}",
      collaboration  = "ALICE",
      journal        = "JHEP",
      volume         = "11",
      year           = "2018",
      pages          = "013",
      doi            = "10.1007/JHEP11(2018)013",
      eprint         = "1802.09145",
      archivePrefix  = "arXiv",
      primaryClass   = "nucl-ex",
      reportNumber   = "CERN-EP-2018-025",
      SLACcitation   = "%%CITATION = ARXIV:1802.09145;%%"
}
%jet quenching dihadron
@article{Adare:2007vu,
      author         = "Adare, A. and others",
      title          = "{Transverse momentum and centrality dependence of
                        dihadron correlations in Au+Au collisions at s(NN) =
                        200-GeV: Jet-quenching and the response of partonic
                        matter}",
      collaboration  = "PHENIX",
      journal        = "Phys. Rev.",
      volume         = "C77",
      year           = "2008",
      pages          = "011901",
      doi            = "10.1103/PhysRevC.77.011901",
      eprint         = "0705.3238",
      archivePrefix  = "arXiv",
      primaryClass   = "nucl-ex",
      SLACcitation   = "%%CITATION = ARXIV:0705.3238;%%"
}
@article{Aamodt:2011vg,
      author         = "Aamodt, K. and others",
      title          = "{Particle-yield modification in jet-like azimuthal
                        di-hadron correlations in Pb-Pb collisions at
                        $\sqrt{s_{NN}} = 2.76$ TeV}",
      collaboration  = "ALICE",
      journal        = "Phys. Rev. Lett.",
      volume         = "108",
      year           = "2012",
      pages          = "092301",
      doi            = "10.1103/PhysRevLett.108.092301",
      eprint         = "1110.0121",
      archivePrefix  = "arXiv",
      primaryClass   = "nucl-ex",
      reportNumber   = "CERN-PH-EP-2011-161",
      SLACcitation   = "%%CITATION = ARXIV:1110.0121;%%"
}
@article{Adare:2012qi,
      author         = "Adare, A. and others",
      title          = "{Medium modification of jet fragmentation in Au + Au
                        collisions at $\sqrt{s_{NN}}= 200$ GeV measured in direct
                        photon-hadron correlations}",
      collaboration  = "PHENIX",
      journal        = "Phys. Rev. Lett.",
      volume         = "111",
      year           = "2013",
      number         = "3",
      pages          = "032301",
      doi            = "10.1103/PhysRevLett.111.032301",
      eprint         = "1212.3323",
      archivePrefix  = "arXiv",
      primaryClass   = "nucl-ex",
      SLACcitation   = "%%CITATION = ARXIV:1212.3323;%%"
}

@article{Adam:2015ewa,
      author         = "Adam, Jaroslav and others",
      title          = "{Measurement of jet suppression in central Pb-Pb
                        collisions at $\sqrt{s_{\rm NN}}$ = 2.76 TeV}",
      collaboration  = "ALICE",
      journal        = "Phys. Lett.",
      volume         = "B746",
      year           = "2015",
      pages          = "1-14",
      doi            = "10.1016/j.physletb.2015.04.039",
      eprint         = "1502.01689",
      archivePrefix  = "arXiv",
      primaryClass   = "nucl-ex",
      reportNumber   = "CERN-PH-EP-2015-023",
      SLACcitation   = "%%CITATION = ARXIV:1502.01689;%%"
}

@article{Sirunyan:2018qec,
      author         = "Sirunyan, Albert M and others",
      title          = "{Observation of Medium-Induced Modifications of Jet
                        Fragmentation in Pb-Pb Collisions at $\sqrt{s_{NN}}=$ 5.02 TeV Using Isolated Photon-Tagged Jets}",
      collaboration  = "CMS",
      journal        = "Phys. Rev. Lett.",
      volume         = "121",
      year           = "2018",
      number         = "24",
      pages          = "242301",
      doi            = "10.1103/PhysRevLett.121.242301",
      eprint         = "1801.04895",
      archivePrefix  = "arXiv",
      primaryClass   = "hep-ex",
      reportNumber   = "CMS-HIN-16-014, CERN-EP-2017-337",
      SLACcitation   = "%%CITATION = ARXIV:1801.04895;%%"
}
@article{Chatrchyan:2014ava,
      author         = "Chatrchyan, Serguei and others",
      title          = "{Measurement of jet fragmentation in PbPb and pp
                        collisions at $\sqrt{s_{NN}}=2.76$ TeV}",
      collaboration  = "CMS",
      journal        = "Phys. Rev.",
      volume         = "C90",
      year           = "2014",
      number         = "2",
      pages          = "024908",
      doi            = "10.1103/PhysRevC.90.024908",
      eprint         = "1406.0932",
      archivePrefix  = "arXiv",
      primaryClass   = "nucl-ex",
      reportNumber   = "CMS-HIN-12-013, CERN-PH-EP-2014-100",
      SLACcitation   = "%%CITATION = ARXIV:1406.0932;%%"
}

@article{Acharya:2018uvf,
      author         = "Acharya, Shreyasi and others",
      title          = "{Medium modification of the shape of small-radius jets in
                        central Pb-Pb collisions at $\sqrt{s_{\mathrm {NN}}} =
                        2.76\,\rm{TeV}$}",
      collaboration  = "ALICE",
      journal        = "JHEP",
      volume         = "10",
      year           = "2018",
      pages          = "139",
      doi            = "10.1007/JHEP10(2018)139",
      eprint         = "1807.06854",
      archivePrefix  = "arXiv",
      primaryClass   = "nucl-ex",
      reportNumber   = "CERN-EP-2018-201",
      SLACcitation   = "%%CITATION = ARXIV:1807.06854;%%"
}

@article{PUDDU2007397,
title = "The zero degree calorimeters for the {ALICE} experiment",
journal = "Nuclear Instruments and Methods in Physics Research Section A: Accelerators, Spectrometers, Detectors and Associated Equipment",
volume = "581",
number = "1",
pages = "397 - 401",
year = "2007",
note = "VCI 2007",
issn = "0168-9002",
doi = "https://doi.org/10.1016/j.nima.2007.08.013",
author = "Puddu, E. and others",
keywords = "Hadronic calorimeters, Quartz fibers, Quark Gluon Plasma"
}
@article{Abelev:2013qoq,
      author         = "Abelev, Betty and others",
      title          = "{Centrality determination of Pb-Pb collisions at
                        $\sqrt{s_{NN}}$ = 2.76 TeV with ALICE}",
      collaboration  = "ALICE",
      journal        = "Phys. Rev.",
      volume         = "C88",
      year           = "2013",
      number         = "4",
      pages          = "044909",
      doi            = "10.1103/PhysRevC.88.044909",
      eprint         = "1301.4361",
      archivePrefix  = "arXiv",
      primaryClass   = "nucl-ex",
      reportNumber   = "CERN-PH-EP-2012-368",
      SLACcitation   = "%%CITATION = ARXIV:1301.4361;%%"
}
